<collection xmlns="http://www.loc.gov/MARC21/slim">
<record>
  <leader>01329nam0a22002771i 450 </leader>
  <controlfield tag="001">IT\ICCU\CNCE\024763</controlfield>
  <controlfield tag="005">20050420000000.0</controlfield>
  <datafield tag="012" ind1=" " ind2=" ">
    <subfield code="a">adus e-lu seu- ctta (3) 1560 (R)</subfield>
    <subfield code="2">fei</subfield>
  </datafield>
  <datafield tag="100" ind1=" " ind2=" ">
    <subfield code="a">19970911d1560        0itac0103    ba</subfield>
  </datafield>
  <datafield tag="101" ind1=" " ind2=" ">
    <subfield code="a">LAT</subfield>
  </datafield>
  <datafield tag="102" ind1=" " ind2=" ">
    <subfield code="a">IT</subfield>
  </datafield>
  <datafield tag="200" ind1="1" ind2=" ">
    <subfield code="a">Tomus decimus operum. In quo magni Commen. Auer. Disputationes quae Destructio destructionum Algazelis dicuntur, cum expositione grauissimi philosophi Augustini Niphi suessani continentur. Et translatione Calo Calonymos: ...</subfield>
  </datafield>
  <datafield tag="210" ind1=" " ind2=" ">
    <subfield code="e">Venetiis</subfield>
    <subfield code="g">apud Cominum de Tridino</subfield>
    <subfield code="h">Montisferrati</subfield>
    <subfield code="h">1560</subfield>
  </datafield>
  <datafield tag="215" ind1=" " ind2=" ">
    <subfield code="a">\4!, 360 c.</subfield>
    <subfield code="d">8ʻ</subfield>
  </datafield>
  <datafield tag="300" ind1=" " ind2=" ">
    <subfield code="a">ANNULLATA !!!!!  10.v. di 2957</subfield>
  </datafield>
  <datafield tag="620" ind1=" " ind2=" ">
    <subfield code="a">IT</subfield>
    <subfield code="d">Venezia</subfield>
  </datafield>
  <datafield tag="700" ind1=" " ind2="1">
    <subfield code="a">Nifo,</subfield>
    <subfield code="b">Agostino</subfield>
    <subfield code="3">IT\ICCU\CNCA\000274</subfield>
  </datafield>
  <datafield tag="712" ind1="0" ind2="2">
    <subfield code="a">Comin da Trino</subfield>
    <subfield code="3">IT\ICCU\CNCT\000112</subfield>
    <subfield code="4">650</subfield>
  </datafield>
  <datafield tag="790" ind1=" " ind2="0">
    <subfield code="a">Agostino</subfield>
    <subfield code="c"> : da#Sessa</subfield>
    <subfield code="3">IT\ICCU\CNCA\012356</subfield>
    <subfield code="z">Nifo, Agostino</subfield>
  </datafield>
  <datafield tag="790" ind1=" " ind2="1">
    <subfield code="a">Niphus,</subfield>
    <subfield code="b">Eutychius Augustinus</subfield>
    <subfield code="3">IT\ICCU\CNCA\017355</subfield>
    <subfield code="z">Nifo, Agostino</subfield>
  </datafield>
  <datafield tag="790" ind1=" " ind2="1">
    <subfield code="a">Niphus,</subfield>
    <subfield code="b">Augustinus</subfield>
    <subfield code="3">IT\ICCU\CNCA\021679</subfield>
    <subfield code="z">Nifo, Agostino</subfield>
  </datafield>
  <datafield tag="790" ind1=" " ind2="1">
    <subfield code="a">Niphus,</subfield>
    <subfield code="b">Augustinus : Suesanus</subfield>
    <subfield code="3">IT\ICCU\CNCA\022085</subfield>
    <subfield code="z">Nifo, Agostino</subfield>
  </datafield>
  <datafield tag="791" ind1="0" ind2="2">
    <subfield code="a">Cominus de Tridino</subfield>
    <subfield code="3">IT\ICCU\CNCT\004645</subfield>
    <subfield code="z">Comin da Trino</subfield>
  </datafield>
  <datafield tag="791" ind1="0" ind2="0">
    <subfield code="a">Trino, Comin</subfield>
    <subfield code="3">IT\ICCU\CNCT\004646</subfield>
    <subfield code="z">Comin da Trino</subfield>
  </datafield>
  <datafield tag="801" ind1=" " ind2="3">
    <subfield code="a">IT</subfield>
    <subfield code="b">ICCU</subfield>
    <subfield code="c">20201114</subfield>
  </datafield>
  <datafield tag="899" ind1=" " ind2=" ">
    <subfield code="a">Biblioteca della Certosa di S. Lorenzo. Padula</subfield>
    <subfield code="1">SA0040</subfield>
    <subfield code="2">NAP CL</subfield>
  </datafield>
</record>
</collection>
